<?xml version="1.0" encoding="UTF-8"?><record xmlns="http://www.loc.gov/MARC21/slim" xmlns:cinclude="http://apache.org/cocoon/include/1.0" xmlns:zs="http://www.loc.gov/zing/srw/">
  <leader>00425nz  a2200133n  4500</leader>
  <controlfield tag="001">n  98044700 </controlfield>
  <controlfield tag="003">DLC</controlfield>
  <controlfield tag="005">19980513161326.8</controlfield>
  <controlfield tag="008">980513n| acannaab|          |n aaa |||  </controlfield>
  <datafield tag="010" ind1=" " ind2=" ">
    <subfield code="a">n  98044700 </subfield>
  </datafield>
  <datafield tag="040" ind1=" " ind2=" ">
    <subfield code="a">DLC</subfield>
    <subfield code="c">DLC</subfield>
  </datafield>
  <datafield tag="100" ind1="1" ind2="0">
    <subfield code="a">Levine, David B.,</subfield>
    <subfield code="d">1943-</subfield>
  </datafield>
  <datafield tag="670" ind1=" " ind2=" ">
    <subfield code="a">Freeman, R.L. The mule train, 1998:</subfield>
    <subfield code="b">CIP t.p. (David B. Levine)</subfield>
  </datafield>
  <datafield tag="670" ind1=" " ind2=" ">
    <subfield code="a">Phone call to Rutledge Hill Press, May 13, 1998</subfield>
    <subfield code="b">(David B. Levine; b. Oct. 29, 1943)</subfield>
  </datafield>
</record>